@article{plimpton1995fast,
  title={Fast parallel algorithms for short-range molecular dynamics},
  author={Plimpton, Steve},
  journal={Journal of computational physics},
  volume={117},
  number={1},
  pages={1--19},
  year={1995},
  publisher={Elsevier}
}
@article{caillol1998critical,
  title={Critical-point of the Lennard-Jones fluid: A finite-size scaling study},
  author={Caillol, JM and others},
  journal={Journal of Chemical Physics},
  volume={109},
  number={12},
  pages={4885--4893},
  year={1998},
  publisher={American Institute of Physics, Melville, USA}
}